|j|‽27pro72
|j|☆Ale.Giulidv
|t:|1706272394
|gametype|singles
|player|p1|27pro72|169|1126
|player|p2|Ale.Giulidv|pokefan|1040
|teamsize|p1|6
|teamsize|p2|6
|gen|9
|tier|[Gen 9] Random Battle
|rated|
|rule|Species Clause: Limit one of each Pokémon
|rule|HP Percentage Mod: HP is shown in percentages
|rule|Sleep Clause Mod: Limit one foe put to sleep
|rule|Illusion Level Mod: Illusion disguises the Pokémon's true level
|
|t:|1706272394
|start
|switch|p1a: Eiscue|Eiscue, L87, F|272/272
|switch|p2a: Regirock|Regirock, L86|278/278
|turn|1
|
|t:|1706272404
|move|p1a: Eiscue|Ice Spinner|p2a: Regirock
|-damage|p2a: Regirock|236/278
|move|p2a: Regirock|Body Press|p1a: Eiscue
|-activate|p1a: Eiscue|ability: Ice Face
|-damage|p1a: Eiscue|272/272
|detailschange|p1a: Eiscue|Eiscue-Noice, L87, F
|
|upkeep
|turn|2
|
|t:|1706272418
|move|p1a: Eiscue|Ice Spinner|p2a: Regirock
|-damage|p2a: Regirock|199/278
|move|p2a: Regirock|Body Press|p1a: Eiscue
|-supereffective|p1a: Eiscue
|-damage|p1a: Eiscue|44/272
|-enditem|p1a: Eiscue|Salac Berry|[eat]
|-boost|p1a: Eiscue|spe|1|[from] item: Salac Berry
|
|upkeep
|turn|3
|
|t:|1706272427
|move|p1a: Eiscue|Liquidation|p2a: Regirock
|-supereffective|p2a: Regirock
|-damage|p2a: Regirock|143/278
|-unboost|p2a: Regirock|def|1
|move|p2a: Regirock|Body Press|p1a: Eiscue
|-supereffective|p1a: Eiscue
|-damage|p1a: Eiscue|0 fnt
|faint|p1a: Eiscue
|
|upkeep
|
|t:|1706272443
|switch|p1a: Arceus|Arceus-Ground, L70|284/284
|turn|4
|
|t:|1706272456
|switch|p2a: Lurantis|Lurantis, L88, M|266/266
|move|p1a: Arceus|Calm Mind|p1a: Arceus
|-boost|p1a: Arceus|spa|1
|-boost|p1a: Arceus|spd|1
|
|upkeep
|turn|5
|
|t:|1706272463
|move|p1a: Arceus|Fire Blast|p2a: Lurantis
|-supereffective|p2a: Lurantis
|-damage|p2a: Lurantis|66/266
|move|p2a: Lurantis|Leaf Storm|p1a: Arceus|[miss]
|-miss|p2a: Lurantis|p1a: Arceus
|
|-heal|p2a: Lurantis|82/266|[from] item: Leftovers
|upkeep
|turn|6
|
|t:|1706272475
|switch|p2a: Salamence|Salamence, L77, F|273/273
|-ability|p2a: Salamence|Intimidate|boost
|-unboost|p1a: Arceus|atk|1
|move|p1a: Arceus|Fire Blast|p2a: Salamence
|-resisted|p2a: Salamence
|-damage|p2a: Salamence|215/273
|
|upkeep
|turn|7
|
|t:|1706272485
|switch|p1a: Diancie|Diancie, L82|216/216
|move|p2a: Salamence|Dragon Dance|p2a: Salamence
|-boost|p2a: Salamence|atk|1
|-boost|p2a: Salamence|spe|1
|
|upkeep
|turn|8
|
|t:|1706272493
|move|p2a: Salamence|Earthquake|p1a: Diancie
|-supereffective|p1a: Diancie
|-damage|p1a: Diancie|62/216
|move|p1a: Diancie|Draining Kiss|p2a: Salamence
|-supereffective|p2a: Salamence
|-damage|p2a: Salamence|95/273
|-heal|p1a: Diancie|152/216|[from] drain|[of] p2a: Salamence
|
|-heal|p1a: Diancie|165/216|[from] item: Leftovers
|upkeep
|turn|9
|
|t:|1706272502
|move|p2a: Salamence|Earthquake|p1a: Diancie
|-supereffective|p1a: Diancie
|-damage|p1a: Diancie|1/216
|move|p1a: Diancie|Draining Kiss|p2a: Salamence
|-supereffective|p2a: Salamence
|-damage|p2a: Salamence|0 fnt
|-heal|p1a: Diancie|72/216|[from] drain|[of] p2a: Salamence
|faint|p2a: Salamence
|
|-heal|p1a: Diancie|85/216|[from] item: Leftovers
|upkeep
|
|t:|1706272512
|switch|p2a: Falinks|Falinks, L85|249/249
|turn|10
|
|t:|1706272523
|move|p2a: Falinks|No Retreat|p2a: Falinks
|-boost|p2a: Falinks|atk|1
|-boost|p2a: Falinks|def|1
|-boost|p2a: Falinks|spa|1
|-boost|p2a: Falinks|spd|1
|-boost|p2a: Falinks|spe|1
|-start|p2a: Falinks|move: No Retreat
|move|p1a: Diancie|Diamond Storm|p2a: Falinks
|-resisted|p2a: Falinks
|-damage|p2a: Falinks|221/249
|
|-heal|p1a: Diancie|98/216|[from] item: Leftovers
|upkeep
|turn|11
|
|t:|1706272531
|move|p2a: Falinks|Iron Head|p1a: Diancie
|-supereffective|p1a: Diancie
|-damage|p1a: Diancie|0 fnt
|faint|p1a: Diancie
|-damage|p2a: Falinks|197/249|[from] item: Life Orb
|
|upkeep
|
|t:|1706272541
|switch|p1a: Articuno|Articuno-Galar, L83|285/285
|turn|12
|
|t:|1706272551
|move|p2a: Falinks|Knock Off|p1a: Articuno
|-supereffective|p1a: Articuno
|-damage|p1a: Articuno|0 fnt
|-enditem|p1a: Articuno|Heavy-Duty Boots|[from] move: Knock Off|[of] p2a: Falinks
|faint|p1a: Articuno
|-damage|p2a: Falinks|173/249|[from] item: Life Orb
|
|upkeep
|
|t:|1706272559
|switch|p1a: Kingambit|Kingambit, L74, F|270/270
|-activate|p1a: Kingambit|ability: Supreme Overlord
|-start|p1a: Kingambit|fallen3|[silent]
|turn|13
|
|t:|1706272566
|-end|p1a: Kingambit|fallen3|[silent]
|switch|p1a: Arceus|Arceus-Ground, L70|284/284
|move|p2a: Falinks|Close Combat|p1a: Arceus
|-damage|p1a: Arceus|34/284
|-unboost|p2a: Falinks|def|1
|-unboost|p2a: Falinks|spd|1
|-damage|p2a: Falinks|149/249|[from] item: Life Orb
|
|upkeep
|turn|14
|
|t:|1706272577
|move|p2a: Falinks|Iron Head|p1a: Arceus
|-damage|p1a: Arceus|0 fnt
|faint|p1a: Arceus
|-damage|p2a: Falinks|125/249|[from] item: Life Orb
|
|upkeep
|
|t:|1706272582
|switch|p1a: Umbreon|Umbreon, L84, M|297/297
|turn|15
|
|t:|1706272588
|move|p2a: Falinks|Close Combat|p1a: Umbreon
|-supereffective|p1a: Umbreon
|-damage|p1a: Umbreon|0 fnt
|-unboost|p2a: Falinks|def|1
|-unboost|p2a: Falinks|spd|1
|faint|p1a: Umbreon
|-damage|p2a: Falinks|101/249|[from] item: Life Orb
|
|upkeep
|
|t:|1706272596
|switch|p1a: Kingambit|Kingambit, L74, F|270/270
|-activate|p1a: Kingambit|ability: Supreme Overlord
|-start|p1a: Kingambit|fallen5|[silent]
|turn|16
|
|t:|1706272604
|move|p2a: Falinks|Close Combat|p1a: Kingambit
|-supereffective|p1a: Kingambit
|-damage|p1a: Kingambit|0 fnt
|-unboost|p2a: Falinks|def|1
|-unboost|p2a: Falinks|spd|1
|faint|p1a: Kingambit
|-end|p1a: Kingambit|fallen5|[silent]
|-damage|p2a: Falinks|77/249|[from] item: Life Orb
|
|win|Ale.Giulidv
|raw|27pro72's rating: 1126 &rarr; <strong>1095</strong><br />(-31 for losing)
|raw|Ale.Giulidv's rating: 1040 &rarr; <strong>1082</strong><br />(+42 for winning)
