|j|☆JonahZgo
|j|☆700nymphia
|t:|1706243648
|gametype|singles
|player|p1|JonahZgo|skier|
|player|p2|700nymphia|iris-gen5bw2|
|teamsize|p1|6
|teamsize|p2|6
|gen|9
|tier|[Gen 9] Random Battle
|rule|Species Clause: Limit one of each Pokémon
|rule|HP Percentage Mod: HP is shown in percentages
|rule|Sleep Clause Mod: Limit one foe put to sleep
|rule|Illusion Level Mod: Illusion disguises the Pokémon's true level
|
|t:|1706243648
|start
|switch|p1a: Whimsicott|Whimsicott, L87, F|246/246
|switch|p2a: Terrakion|Terrakion, L79|273/273
|turn|1
|
|t:|1706243673
|switch|p2a: Gengar|Gengar, L81, M|230/230
|move|p1a: Whimsicott|Moonblast|p2a: Gengar
|-resisted|p2a: Gengar
|-damage|p2a: Gengar|175/230
|-start|p1a: Whimsicott|Disable|Moonblast|[from] ability: Cursed Body|[of] p2a: Gengar
|
|upkeep
|turn|2
|
|t:|1706243714
|-terastallize|p2a: Gengar|Ghost
|move|p1a: Whimsicott|Stun Spore|p2a: Gengar
|-status|p2a: Gengar|par
|move|p2a: Gengar|Sludge Wave|p1a: Whimsicott
|-supereffective|p1a: Whimsicott
|-enditem|p1a: Whimsicott|Focus Sash
|-damage|p1a: Whimsicott|1/246
|
|upkeep
|turn|3
|
|t:|1706243755
|move|p1a: Whimsicott|Giga Drain|p2a: Gengar
|-damage|p2a: Gengar|85/230 par
|-heal|p1a: Whimsicott|46/246|[from] drain|[of] p2a: Gengar
|move|p2a: Gengar|Sludge Wave|p1a: Whimsicott
|-supereffective|p1a: Whimsicott
|-damage|p1a: Whimsicott|0 fnt
|faint|p1a: Whimsicott
|
|upkeep
|
|t:|1706243775
|switch|p1a: Deoxys|Deoxys-Speed, L79|209/209
|-ability|p1a: Deoxys|Pressure
|turn|4
|
|t:|1706243786
|move|p1a: Deoxys|Knock Off|p2a: Gengar
|-supereffective|p2a: Gengar
|-crit|p2a: Gengar
|-damage|p2a: Gengar|0 fnt
|-enditem|p2a: Gengar|Choice Specs|[from] move: Knock Off|[of] p1a: Deoxys
|faint|p2a: Gengar
|
|upkeep
|
|t:|1706243800
|switch|p2a: Chi-Yu|Chi-Yu, L77|211/211
|-ability|p2a: Chi-Yu|Beads of Ruin
|turn|5
|
|t:|1706243812
|move|p1a: Deoxys|Stealth Rock|p2a: Chi-Yu
|-sidestart|p2: 700nymphia|move: Stealth Rock
|move|p2a: Chi-Yu|Will-O-Wisp|p1a: Deoxys
|-status|p1a: Deoxys|brn
|
|-damage|p1a: Deoxys|196/209 brn|[from] brn
|upkeep
|turn|6
|
|t:|1706243822
|move|p1a: Deoxys|Knock Off|p2a: Chi-Yu
|-resisted|p2a: Chi-Yu
|-damage|p2a: Chi-Yu|194/211
|-enditem|p2a: Chi-Yu|Heavy-Duty Boots|[from] move: Knock Off|[of] p1a: Deoxys
|move|p2a: Chi-Yu|Nasty Plot|p2a: Chi-Yu
|-boost|p2a: Chi-Yu|spa|2
|
|-heal|p1a: Deoxys|209/209 brn|[from] item: Leftovers
|-damage|p1a: Deoxys|196/209 brn|[from] brn
|upkeep
|turn|7
|
|t:|1706243832
|move|p1a: Deoxys|Taunt|p2a: Chi-Yu
|-start|p2a: Chi-Yu|move: Taunt
|move|p2a: Chi-Yu|Dark Pulse|p1a: Deoxys
|-supereffective|p1a: Deoxys
|-damage|p1a: Deoxys|0 fnt
|faint|p1a: Deoxys
|
|upkeep
|
|t:|1706243863
|switch|p1a: Azumarill|Azumarill, L82, M|298/298
|turn|8
|
|t:|1706243883
|switch|p2a: Farigiraf|Farigiraf, L92, F|370/370
|-damage|p2a: Farigiraf|324/370|[from] Stealth Rock
|move|p1a: Azumarill|Belly Drum|p1a: Azumarill
|-damage|p1a: Azumarill|149/298
|-setboost|p1a: Azumarill|atk|6|[from] move: Belly Drum
|-enditem|p1a: Azumarill|Sitrus Berry|[eat]
|-heal|p1a: Azumarill|223/298|[from] item: Sitrus Berry
|
|-heal|p2a: Farigiraf|347/370|[from] item: Leftovers
|upkeep
|turn|9
|
|t:|1706243895
|move|p2a: Farigiraf|Protect|p2a: Farigiraf
|-singleturn|p2a: Farigiraf|Protect
|move|p1a: Azumarill|Liquidation|p2a: Farigiraf
|-activate|p2a: Farigiraf|move: Protect
|
|-heal|p2a: Farigiraf|370/370|[from] item: Leftovers
|upkeep
|turn|10
|
|t:|1706243914
|move|p2a: Farigiraf|Future Sight|p1a: Azumarill
|-start|p2a: Farigiraf|move: Future Sight
|move|p1a: Azumarill|Liquidation|p2a: Farigiraf
|-damage|p2a: Farigiraf|0 fnt
|faint|p2a: Farigiraf
|
|upkeep
|
|t:|1706243925
|switch|p2a: Virizion|Virizion, L83|287/287
|-damage|p2a: Virizion|270/287|[from] Stealth Rock
|turn|11
|
|t:|1706243937
|move|p1a: Azumarill|Aqua Jet|p2a: Virizion
|-resisted|p2a: Virizion
|-damage|p2a: Virizion|143/287
|move|p2a: Virizion|Leaf Blade|p1a: Azumarill
|-supereffective|p1a: Azumarill
|-damage|p1a: Azumarill|0 fnt
|faint|p1a: Azumarill
|-damage|p2a: Virizion|115/287|[from] item: Life Orb
|
|upkeep
|
|t:|1706243951
|switch|p1a: Coalossal|Coalossal, L88, M|337/337
|turn|12
|
|t:|1706243958
|switch|p2a: Terrakion|Terrakion, L79|273/273
|-damage|p2a: Terrakion|256/273|[from] Stealth Rock
|move|p1a: Coalossal|Spikes|p2a: Terrakion
|-sidestart|p2: 700nymphia|Spikes
|
|-end|p1a: Coalossal|move: Future Sight
|-damage|p1a: Coalossal|172/337
|upkeep
|turn|13
|
|t:|1706243969
|move|p2a: Terrakion|Earthquake|p1a: Coalossal
|-supereffective|p1a: Coalossal
|-damage|p1a: Coalossal|0 fnt
|faint|p1a: Coalossal
|-damage|p2a: Terrakion|229/273|[from] item: Life Orb
|
|upkeep
|
|t:|1706244015
|switch|p1a: Gengar|Gengar, L81, F|230/230
|turn|14
|
|t:|1706244023
|move|p1a: Gengar|Focus Blast|p2a: Terrakion|[miss]
|-miss|p1a: Gengar|p2a: Terrakion
|move|p2a: Terrakion|Earthquake|p1a: Gengar
|-supereffective|p1a: Gengar
|-damage|p1a: Gengar|0 fnt
|-start|p2a: Terrakion|Disable|Earthquake|[from] ability: Cursed Body|[of] p1a: Gengar
|faint|p1a: Gengar
|-damage|p2a: Terrakion|202/273|[from] item: Life Orb
|
|upkeep
|
|t:|1706244040
|switch|p1a: Regigigas|Regigigas, L85|326/326
|-start|p1a: Regigigas|ability: Slow Start
|turn|15
|
|t:|1706244055
|-terastallize|p1a: Regigigas|Ghost
|move|p2a: Terrakion|Swords Dance|p2a: Terrakion
|-boost|p2a: Terrakion|atk|2
|move|p1a: Regigigas|Substitute|p1a: Regigigas
|-start|p1a: Regigigas|Substitute
|-damage|p1a: Regigigas|245/326
|
|-heal|p1a: Regigigas|265/326|[from] item: Leftovers
|upkeep
|turn|16
|
|t:|1706244067
|move|p1a: Regigigas|Protect|p1a: Regigigas
|-singleturn|p1a: Regigigas|Protect
|move|p2a: Terrakion|Stone Edge|p1a: Regigigas
|-activate|p1a: Regigigas|move: Protect
|
|-heal|p1a: Regigigas|285/326|[from] item: Leftovers
|upkeep
|turn|17
|
|t:|1706244074
|move|p2a: Terrakion|Stone Edge|p1a: Regigigas
|-end|p1a: Regigigas|Substitute
|-damage|p2a: Terrakion|175/273|[from] item: Life Orb
|move|p1a: Regigigas|Substitute|p1a: Regigigas
|-start|p1a: Regigigas|Substitute
|-damage|p1a: Regigigas|204/326
|
|-heal|p1a: Regigigas|224/326|[from] item: Leftovers
|-end|p2a: Terrakion|Disable
|upkeep
|turn|18
|
|t:|1706244085
|move|p1a: Regigigas|Protect|p1a: Regigigas
|-singleturn|p1a: Regigigas|Protect
|move|p2a: Terrakion|Stone Edge|p1a: Regigigas
|-activate|p1a: Regigigas|move: Protect
|
|-heal|p1a: Regigigas|244/326|[from] item: Leftovers
|upkeep
|turn|19
|
|t:|1706244092
|move|p2a: Terrakion|Stone Edge|p1a: Regigigas
|-end|p1a: Regigigas|Substitute
|-damage|p2a: Terrakion|148/273|[from] item: Life Orb
|move|p1a: Regigigas|Substitute|p1a: Regigigas
|-start|p1a: Regigigas|Substitute
|-damage|p1a: Regigigas|163/326
|
|-heal|p1a: Regigigas|183/326|[from] item: Leftovers
|-end|p1a: Regigigas|Slow Start
|upkeep
|turn|20
|
|t:|1706244101
|move|p1a: Regigigas|Body Slam|p2a: Terrakion
|-resisted|p2a: Terrakion
|-damage|p2a: Terrakion|76/273
|-status|p2a: Terrakion|par
|cant|p2a: Terrakion|par
|
|-heal|p1a: Regigigas|203/326|[from] item: Leftovers
|upkeep
|turn|21
|
|t:|1706244109
|move|p1a: Regigigas|Body Slam|p2a: Terrakion
|-resisted|p2a: Terrakion
|-damage|p2a: Terrakion|1/273 par
|move|p2a: Terrakion|Stone Edge|p1a: Regigigas
|-end|p1a: Regigigas|Substitute
|-damage|p2a: Terrakion|0 fnt|[from] item: Life Orb
|faint|p2a: Terrakion
|
|-heal|p1a: Regigigas|223/326|[from] item: Leftovers
|upkeep
|
|t:|1706244127
|switch|p2a: Virizion|Virizion, L83|115/287
|-damage|p2a: Virizion|98/287|[from] Stealth Rock
|-damage|p2a: Virizion|63/287|[from] Spikes
|turn|22
|
|t:|1706244141
|move|p1a: Regigigas|Protect|p1a: Regigigas
|-singleturn|p1a: Regigigas|Protect
|move|p2a: Virizion|Leaf Blade|p1a: Regigigas
|-activate|p1a: Regigigas|move: Protect
|
|-heal|p1a: Regigigas|243/326|[from] item: Leftovers
|upkeep
|turn|23
|
|t:|1706244148
|move|p2a: Virizion|Leaf Blade|p1a: Regigigas
|-damage|p1a: Regigigas|144/326
|-damage|p2a: Virizion|35/287|[from] item: Life Orb
|move|p1a: Regigigas|Body Slam|p2a: Virizion
|-damage|p2a: Virizion|0 fnt
|faint|p2a: Virizion
|
|-heal|p1a: Regigigas|164/326|[from] item: Leftovers
|upkeep
|
|t:|1706244158
|switch|p2a: Chi-Yu|Chi-Yu, L77|194/211
|-damage|p2a: Chi-Yu|142/211|[from] Stealth Rock
|-damage|p2a: Chi-Yu|116/211|[from] Spikes
|-ability|p2a: Chi-Yu|Beads of Ruin
|turn|24
|
|t:|1706244167
|move|p1a: Regigigas|Body Slam|p2a: Chi-Yu
|-damage|p2a: Chi-Yu|0 fnt
|faint|p2a: Chi-Yu
|
|-heal|p1a: Regigigas|184/326|[from] item: Leftovers
|upkeep
|
|t:|1706244176
|switch|p2a: Mudsdale|Mudsdale, L84, F|305/305
|-damage|p2a: Mudsdale|286/305|[from] Stealth Rock
|-damage|p2a: Mudsdale|248/305|[from] Spikes
|turn|25
|
|t:|1706244202
|move|p1a: Regigigas|Knock Off|p2a: Mudsdale
|-damage|p2a: Mudsdale|152/305
|-ability|p2a: Mudsdale|Stamina|boost
|-boost|p2a: Mudsdale|def|1
|-enditem|p2a: Mudsdale|Choice Band|[from] move: Knock Off|[of] p1a: Regigigas
|move|p2a: Mudsdale|Earthquake|p1a: Regigigas
|-damage|p1a: Regigigas|67/326
|
|-heal|p1a: Regigigas|87/326|[from] item: Leftovers
|upkeep
|turn|26
|
|t:|1706244211
|move|p1a: Regigigas|Protect|p1a: Regigigas
|-singleturn|p1a: Regigigas|Protect
|move|p2a: Mudsdale|Earthquake|p1a: Regigigas
|-activate|p1a: Regigigas|move: Protect
|
|-heal|p1a: Regigigas|107/326|[from] item: Leftovers
|upkeep
|turn|27
|
|t:|1706244217
|move|p1a: Regigigas|Body Slam|p2a: Mudsdale
|-damage|p2a: Mudsdale|62/305
|-ability|p2a: Mudsdale|Stamina|boost
|-boost|p2a: Mudsdale|def|1
|move|p2a: Mudsdale|Earthquake|p1a: Regigigas
|-crit|p1a: Regigigas
|-damage|p1a: Regigigas|0 fnt
|faint|p1a: Regigigas
|-end|p1a: Regigigas|Slow Start|[silent]
|
|win|700nymphia
|l|☆700nymphia
|player|p2|
