|j|☆IamTheMighty
|j|☆TupacReincarnated
|t:|1706271558
|gametype|singles
|player|p1|IamTheMighty|caitlin|1461
|player|p2|TupacReincarnated|170|1381
|teamsize|p1|6
|teamsize|p2|6
|gen|9
|tier|[Gen 9] Random Battle
|rated|
|rule|Species Clause: Limit one of each Pokémon
|rule|HP Percentage Mod: HP is shown in percentages
|rule|Sleep Clause Mod: Limit one foe put to sleep
|rule|Illusion Level Mod: Illusion disguises the Pokémon's true level
|
|t:|1706271558
|start
|switch|p1a: Rayquaza|Rayquaza, L72|270/270
|switch|p2a: Regirock|Regirock, L86|278/278
|-ability|p1a: Rayquaza|Air Lock
|turn|1
|inactive|Battle timer is ON: inactive players will automatically lose when time's up. (requested by IamTheMighty)
|inactive|IamTheMighty has 120 seconds left.
|
|t:|1706271613
|switch|p1a: Duraludon|Duraludon, L82, F|249/249
|move|p2a: Regirock|Stone Edge|p1a: Duraludon|[miss]
|-miss|p2a: Regirock|p1a: Duraludon
|
|upkeep
|turn|2
|
|t:|1706271629
|switch|p2a: Passimian|Passimian, L83, F|302/302
|move|p1a: Duraludon|Flash Cannon|p2a: Passimian
|-damage|p2a: Passimian|173/302
|
|-heal|p2a: Passimian|191/302|[from] item: Leftovers
|upkeep
|turn|3
|
|t:|1706271648
|switch|p1a: Rayquaza|Rayquaza, L72|270/270
|-ability|p1a: Rayquaza|Air Lock
|move|p2a: Passimian|Knock Off|p1a: Rayquaza
|-damage|p1a: Rayquaza|186/270
|-enditem|p1a: Rayquaza|Heavy-Duty Boots|[from] move: Knock Off|[of] p2a: Passimian
|
|-heal|p2a: Passimian|209/302|[from] item: Leftovers
|upkeep
|turn|4
|
|t:|1706271665
|switch|p2a: Delibird|Delibird, M|252/252
|switch|p1a: Duraludon|Duraludon, L82, F|249/249
|
|upkeep
|turn|5
|
|t:|1706271678
|move|p2a: Delibird|Drill Run|p1a: Duraludon
|-supereffective|p1a: Duraludon
|-damage|p1a: Duraludon|165/249
|move|p1a: Duraludon|Iron Defense|p1a: Duraludon
|-boost|p1a: Duraludon|def|2
|
|upkeep
|turn|6
|
|t:|1706271694
|switch|p2a: Meloetta|Meloetta, L82|298/298
|move|p1a: Duraludon|Body Press|p2a: Meloetta
|-damage|p2a: Meloetta|160/298
|
|upkeep
|turn|7
|
|t:|1706271721
|move|p2a: Meloetta|Focus Blast|p1a: Duraludon|[miss]
|-miss|p2a: Meloetta|p1a: Duraludon
|move|p1a: Duraludon|Body Press|p2a: Meloetta
|-damage|p2a: Meloetta|10/298
|
|upkeep
|turn|8
|
|t:|1706271728
|switch|p1a: Iron Moth|Iron Moth, L78|253/253
|move|p2a: Meloetta|Focus Blast|p1a: Iron Moth
|-resisted|p1a: Iron Moth
|-damage|p1a: Iron Moth|191/253
|
|upkeep
|turn|9
|
|t:|1706271736
|move|p1a: Iron Moth|Discharge|p2a: Meloetta
|-damage|p2a: Meloetta|0 fnt
|faint|p2a: Meloetta
|
|upkeep
|
|t:|1706271740
|switch|p2a: Clodsire|Clodsire, L81, F|343/343
|turn|10
|
|t:|1706271749
|-end|p1a: Iron Moth|Quark Drive|[silent]
|switch|p1a: Dondozo|Dondozo, L78, F|362/362
|move|p2a: Clodsire|Gunk Shot|p1a: Dondozo
|-damage|p1a: Dondozo|283/362
|
|-heal|p1a: Dondozo|305/362|[from] item: Leftovers
|upkeep
|turn|11
|
|t:|1706271771
|switch|p2a: Dewgong|Dewgong, L91, F|311/311
|move|p1a: Dondozo|Wave Crash|p2a: Dewgong
|-resisted|p2a: Dewgong
|-damage|p2a: Dewgong|256/311
|-damage|p1a: Dondozo|287/362|[from] Recoil
|
|-heal|p1a: Dondozo|309/362|[from] item: Leftovers
|upkeep
|turn|12
|
|t:|1706271796
|move|p2a: Dewgong|Knock Off|p1a: Dondozo
|-damage|p1a: Dondozo|257/362
|-enditem|p1a: Dondozo|Leftovers|[from] move: Knock Off|[of] p2a: Dewgong
|move|p1a: Dondozo|Curse|p1a: Dondozo
|-unboost|p1a: Dondozo|spe|1
|-boost|p1a: Dondozo|atk|1
|-boost|p1a: Dondozo|def|1
|
|upkeep
|turn|13
|inactive|IamTheMighty has 120 seconds left.
|inactive|TupacReincarnated has 120 seconds left.
|
|t:|1706271825
|move|p2a: Dewgong|Flip Turn|p1a: Dondozo
|-resisted|p1a: Dondozo
|-damage|p1a: Dondozo|240/362
|
|t:|1706271831
|switch|p2a: Clodsire|Clodsire, L81, F|343/343|[from] Flip Turn
|move|p1a: Dondozo|Curse|p1a: Dondozo
|-unboost|p1a: Dondozo|spe|1
|-boost|p1a: Dondozo|atk|1
|-boost|p1a: Dondozo|def|1
|
|upkeep
|turn|14
|inactive|TupacReincarnated has 120 seconds left.
|inactive|IamTheMighty has 120 seconds left.
|
|t:|1706271844
|move|p2a: Clodsire|Curse|p2a: Clodsire
|-unboost|p2a: Clodsire|spe|1
|-boost|p2a: Clodsire|atk|1
|-boost|p2a: Clodsire|def|1
|move|p1a: Dondozo|Wave Crash|p2a: Clodsire
|-immune|p2a: Clodsire|[from] ability: Water Absorb
|
|upkeep
|turn|15
|inactive|TupacReincarnated has 120 seconds left.
|inactive|IamTheMighty has 120 seconds left.
|
|t:|1706271879
|move|p2a: Clodsire|Curse|p2a: Clodsire
|-unboost|p2a: Clodsire|spe|1
|-boost|p2a: Clodsire|atk|1
|-boost|p2a: Clodsire|def|1
|move|p1a: Dondozo|Curse|p1a: Dondozo
|-unboost|p1a: Dondozo|spe|1
|-boost|p1a: Dondozo|atk|1
|-boost|p1a: Dondozo|def|1
|
|upkeep
|turn|16
|inactive|TupacReincarnated has 120 seconds left.
|
|t:|1706271916
|move|p1a: Dondozo|Curse|p1a: Dondozo
|-unboost|p1a: Dondozo|spe|1
|-boost|p1a: Dondozo|atk|1
|-boost|p1a: Dondozo|def|1
|move|p2a: Clodsire|Curse|p2a: Clodsire
|-unboost|p2a: Clodsire|spe|1
|-boost|p2a: Clodsire|atk|1
|-boost|p2a: Clodsire|def|1
|
|upkeep
|turn|17
|inactive|TupacReincarnated has 90 seconds left.
|
|t:|1706271953
|move|p1a: Dondozo|Curse|p1a: Dondozo
|-unboost|p1a: Dondozo|spe|1
|-boost|p1a: Dondozo|atk|1
|-boost|p1a: Dondozo|def|1
|move|p2a: Clodsire|Curse|p2a: Clodsire
|-unboost|p2a: Clodsire|spe|1
|-boost|p2a: Clodsire|atk|1
|-boost|p2a: Clodsire|def|1
|
|upkeep
|turn|18
|
|t:|1706271961
|move|p1a: Dondozo|Curse|p1a: Dondozo
|-unboost|p1a: Dondozo|spe|1
|-boost|p1a: Dondozo|atk|1
|-boost|p1a: Dondozo|def|1
|move|p2a: Clodsire|Curse|p2a: Clodsire
|-unboost|p2a: Clodsire|spe|1
|-boost|p2a: Clodsire|atk|1
|-boost|p2a: Clodsire|def|1
|
|upkeep
|turn|19
|
|t:|1706271968
|move|p1a: Dondozo|Curse|p1a: Dondozo
|move|p2a: Clodsire|Curse|p2a: Clodsire
|-unboost|p2a: Clodsire|spe|1
|-boost|p2a: Clodsire|atk|1
|-boost|p2a: Clodsire|def|1
|
|upkeep
|turn|20
|
|t:|1706271976
|move|p1a: Dondozo|Curse|p1a: Dondozo
|move|p2a: Clodsire|Gunk Shot|p1a: Dondozo
|-damage|p1a: Dondozo|216/362
|
|upkeep
|turn|21
|
|t:|1706271981
|move|p1a: Dondozo|Curse|p1a: Dondozo
|move|p2a: Clodsire|Gunk Shot|p1a: Dondozo
|-damage|p1a: Dondozo|192/362
|
|upkeep
|turn|22
|
|t:|1706271985
|move|p1a: Dondozo|Curse|p1a: Dondozo
|move|p2a: Clodsire|Gunk Shot|p1a: Dondozo
|-damage|p1a: Dondozo|168/362
|-status|p1a: Dondozo|psn
|
|-damage|p1a: Dondozo|123/362 psn|[from] psn
|upkeep
|turn|23
|
|t:|1706271993
|move|p1a: Dondozo|Rest|p1a: Dondozo
|-status|p1a: Dondozo|slp|[from] move: Rest
|-heal|p1a: Dondozo|362/362 slp|[silent]
|move|p2a: Clodsire|Curse|p2a: Clodsire
|
|upkeep
|turn|24
|
|t:|1706272001
|cant|p1a: Dondozo|slp
|move|p1a: Dondozo|Sleep Talk|p1a: Dondozo
|move|p1a: Dondozo|Wave Crash|p2a: Clodsire|[from]move: Sleep Talk
|-immune|p2a: Clodsire|[from] ability: Water Absorb
|move|p2a: Clodsire|Curse|p2a: Clodsire
|
|upkeep
|turn|25
|inactive|TupacReincarnated has 120 seconds left.
|
|t:|1706272008
|cant|p1a: Dondozo|slp
|move|p1a: Dondozo|Sleep Talk|p1a: Dondozo
|move|p1a: Dondozo|Wave Crash|p2a: Clodsire|[from]move: Sleep Talk
|-immune|p2a: Clodsire|[from] ability: Water Absorb
|move|p2a: Clodsire|Curse|p2a: Clodsire
|
|upkeep
|turn|26
|
|t:|1706272029
|-curestatus|p1a: Dondozo|slp|[msg]
|move|p1a: Dondozo|Curse|p1a: Dondozo
|move|p2a: Clodsire|Curse|p2a: Clodsire
|
|upkeep
|turn|27
|
|t:|1706272034
|move|p1a: Dondozo|Curse|p1a: Dondozo
|move|p2a: Clodsire|Curse|p2a: Clodsire
|
|upkeep
|turn|28
|
|t:|1706272039
|move|p1a: Dondozo|Curse|p1a: Dondozo
|move|p2a: Clodsire|Curse|p2a: Clodsire
|
|upkeep
|turn|29
|
|t:|1706272042
|move|p1a: Dondozo|Curse|p1a: Dondozo
|move|p2a: Clodsire|Curse|p2a: Clodsire
|
|upkeep
|turn|30
|
|t:|1706272046
|move|p1a: Dondozo|Curse|p1a: Dondozo
|move|p2a: Clodsire|Curse|p2a: Clodsire
|
|upkeep
|turn|31
|
|t:|1706272053
|move|p1a: Dondozo|Wave Crash|p2a: Clodsire
|-immune|p2a: Clodsire|[from] ability: Water Absorb
|move|p2a: Clodsire|Curse|p2a: Clodsire
|
|upkeep
|turn|32
|
|t:|1706272058
|move|p1a: Dondozo|Wave Crash|p2a: Clodsire
|-immune|p2a: Clodsire|[from] ability: Water Absorb
|move|p2a: Clodsire|Curse|p2a: Clodsire
|
|upkeep
|turn|33
|
|t:|1706272062
|move|p1a: Dondozo|Wave Crash|p2a: Clodsire
|-immune|p2a: Clodsire|[from] ability: Water Absorb
|move|p2a: Clodsire|Earthquake|p1a: Dondozo
|-damage|p1a: Dondozo|343/362
|
|upkeep
|turn|34
|
|t:|1706272070
|move|p1a: Dondozo|Wave Crash|p2a: Clodsire
|-immune|p2a: Clodsire|[from] ability: Water Absorb
|move|p2a: Clodsire|Recover||[still]
|-fail|p2a: Clodsire|heal
|
|upkeep
|turn|35
|
|t:|1706272079
|move|p1a: Dondozo|Rest|p1a: Dondozo
|-status|p1a: Dondozo|slp|[from] move: Rest
|-heal|p1a: Dondozo|362/362 slp|[silent]
|move|p2a: Clodsire|Recover||[still]
|-fail|p2a: Clodsire|heal
|
|upkeep
|turn|36
|
|t:|1706272093
|cant|p1a: Dondozo|slp
|move|p1a: Dondozo|Sleep Talk|p1a: Dondozo
|move|p1a: Dondozo|Rest||[from]move: Sleep Talk|[still]
|-fail|p1a: Dondozo
|move|p2a: Clodsire|Recover||[still]
|-fail|p2a: Clodsire|heal
|
|upkeep
|turn|37
|
|t:|1706272109
|cant|p1a: Dondozo|slp
|move|p1a: Dondozo|Sleep Talk|p1a: Dondozo
|move|p1a: Dondozo|Rest||[from]move: Sleep Talk|[still]
|-fail|p1a: Dondozo
|move|p2a: Clodsire|Earthquake|p1a: Dondozo
|-damage|p1a: Dondozo|343/362 slp
|
|upkeep
|turn|38
|
|t:|1706272122
|-curestatus|p1a: Dondozo|slp|[msg]
|move|p1a: Dondozo|Sleep Talk||[still]
|-fail|p1a: Dondozo
|move|p2a: Clodsire|Recover||[still]
|-fail|p2a: Clodsire|heal
|
|upkeep
|turn|39
|
|t:|1706272130
|move|p1a: Dondozo|Wave Crash|p2a: Clodsire
|-immune|p2a: Clodsire|[from] ability: Water Absorb
|move|p2a: Clodsire|Earthquake|p1a: Dondozo
|-damage|p1a: Dondozo|324/362
|
|upkeep
|turn|40
|
|t:|1706272142
|move|p1a: Dondozo|Wave Crash|p2a: Clodsire
|-immune|p2a: Clodsire|[from] ability: Water Absorb
|move|p2a: Clodsire|Recover||[still]
|-fail|p2a: Clodsire|heal
|
|upkeep
|turn|41
|
|t:|1706272149
|move|p1a: Dondozo|Wave Crash|p2a: Clodsire
|-immune|p2a: Clodsire|[from] ability: Water Absorb
|move|p2a: Clodsire|Earthquake|p1a: Dondozo
|-damage|p1a: Dondozo|306/362
|
|upkeep
|turn|42
|
|t:|1706272160
|move|p1a: Dondozo|Rest|p1a: Dondozo
|-status|p1a: Dondozo|slp|[from] move: Rest
|-heal|p1a: Dondozo|362/362 slp|[silent]
|move|p2a: Clodsire|Recover||[still]
|-fail|p2a: Clodsire|heal
|
|upkeep
|turn|43
|
|t:|1706272171
|cant|p1a: Dondozo|slp
|move|p1a: Dondozo|Sleep Talk|p1a: Dondozo
|move|p1a: Dondozo|Curse|p1a: Dondozo|[from]move: Sleep Talk
|move|p2a: Clodsire|Recover||[still]
|-fail|p2a: Clodsire|heal
|
|upkeep
|turn|44
|
|t:|1706272177
|cant|p1a: Dondozo|slp
|move|p1a: Dondozo|Sleep Talk|p1a: Dondozo
|move|p1a: Dondozo|Curse|p1a: Dondozo|[from]move: Sleep Talk
|move|p2a: Clodsire|Recover||[still]
|-fail|p2a: Clodsire|heal
|
|upkeep
|turn|45
|
|t:|1706272198
|-curestatus|p1a: Dondozo|slp|[msg]
|move|p1a: Dondozo|Wave Crash|p2a: Clodsire
|-immune|p2a: Clodsire|[from] ability: Water Absorb
|move|p2a: Clodsire|Earthquake|p1a: Dondozo
|-damage|p1a: Dondozo|343/362
|
|upkeep
|turn|46
|
|t:|1706272213
|move|p1a: Dondozo|Wave Crash|p2a: Clodsire
|-immune|p2a: Clodsire|[from] ability: Water Absorb
|move|p2a: Clodsire|Earthquake|p1a: Dondozo
|-damage|p1a: Dondozo|324/362
|
|upkeep
|turn|47
|
|t:|1706272226
|move|p1a: Dondozo|Rest|p1a: Dondozo
|-status|p1a: Dondozo|slp|[from] move: Rest
|-heal|p1a: Dondozo|362/362 slp|[silent]
|move|p2a: Clodsire|Earthquake|p1a: Dondozo
|-damage|p1a: Dondozo|341/362 slp
|
|upkeep
|turn|48
|
|t:|1706272236
|cant|p1a: Dondozo|slp
|move|p1a: Dondozo|Sleep Talk|p1a: Dondozo
|move|p1a: Dondozo|Wave Crash|p2a: Clodsire|[from]move: Sleep Talk
|-immune|p2a: Clodsire|[from] ability: Water Absorb
|move|p2a: Clodsire|Earthquake|p1a: Dondozo
|-damage|p1a: Dondozo|322/362 slp
|
|upkeep
|turn|49
|
|t:|1706272244
|cant|p1a: Dondozo|slp
|move|p1a: Dondozo|Sleep Talk|p1a: Dondozo
|move|p1a: Dondozo|Rest||[from]move: Sleep Talk|[still]
|-fail|p1a: Dondozo
|move|p2a: Clodsire|Earthquake|p1a: Dondozo
|-damage|p1a: Dondozo|304/362 slp
|
|upkeep
|turn|50
|
|t:|1706272258
|-curestatus|p1a: Dondozo|slp|[msg]
|move|p1a: Dondozo|Rest|p1a: Dondozo
|-status|p1a: Dondozo|slp|[from] move: Rest
|-heal|p1a: Dondozo|362/362 slp|[silent]
|move|p2a: Clodsire|Earthquake|p1a: Dondozo
|-damage|p1a: Dondozo|344/362 slp
|
|upkeep
|turn|51
|
|t:|1706272269
|cant|p1a: Dondozo|slp
|move|p1a: Dondozo|Sleep Talk|p1a: Dondozo
|move|p1a: Dondozo|Rest||[from]move: Sleep Talk|[still]
|-fail|p1a: Dondozo
|move|p2a: Clodsire|Earthquake|p1a: Dondozo
|-damage|p1a: Dondozo|326/362 slp
|
|upkeep
|turn|52
|
|t:|1706272275
|cant|p1a: Dondozo|slp
|move|p2a: Clodsire|Earthquake|p1a: Dondozo
|-damage|p1a: Dondozo|308/362 slp
|
|upkeep
|turn|53
|
|t:|1706272285
|-curestatus|p1a: Dondozo|slp|[msg]
|move|p1a: Dondozo|Wave Crash|p2a: Clodsire
|-immune|p2a: Clodsire|[from] ability: Water Absorb
|move|p2a: Clodsire|Earthquake|p1a: Dondozo
|-damage|p1a: Dondozo|290/362
|
|upkeep
|turn|54
|
|t:|1706272303
|move|p1a: Dondozo|Rest|p1a: Dondozo
|-status|p1a: Dondozo|slp|[from] move: Rest
|-heal|p1a: Dondozo|362/362 slp|[silent]
|move|p2a: Clodsire|Earthquake|p1a: Dondozo
|-damage|p1a: Dondozo|343/362 slp
|
|upkeep
|turn|55
|
|t:|1706272310
|cant|p1a: Dondozo|slp
|move|p2a: Clodsire|Earthquake|p1a: Dondozo
|-damage|p1a: Dondozo|325/362 slp
|
|upkeep
|turn|56
|
|t:|1706272316
|cant|p1a: Dondozo|slp
|move|p2a: Clodsire|Earthquake|p1a: Dondozo
|-damage|p1a: Dondozo|307/362 slp
|
|upkeep
|turn|57
|
|t:|1706272328
|-curestatus|p1a: Dondozo|slp|[msg]
|move|p1a: Dondozo|Curse|p1a: Dondozo
|move|p2a: Clodsire|Gunk Shot|p1a: Dondozo
|-damage|p1a: Dondozo|285/362
|
|upkeep
|turn|58
|
|t:|1706272339
|move|p1a: Dondozo|Sleep Talk||[still]
|-fail|p1a: Dondozo
|move|p2a: Clodsire|Gunk Shot|p1a: Dondozo
|-crit|p1a: Dondozo
|-damage|p1a: Dondozo|156/362
|
|upkeep
|turn|59
|
|t:|1706272345
|move|p1a: Dondozo|Rest|p1a: Dondozo
|-status|p1a: Dondozo|slp|[from] move: Rest
|-heal|p1a: Dondozo|362/362 slp|[silent]
|move|p2a: Clodsire|Gunk Shot|p1a: Dondozo
|-damage|p1a: Dondozo|338/362 slp
|
|upkeep
|turn|60
|
|t:|1706272357
|cant|p1a: Dondozo|slp
|move|p1a: Dondozo|Sleep Talk|p1a: Dondozo
|move|p1a: Dondozo|Rest||[from]move: Sleep Talk|[still]
|-fail|p1a: Dondozo
|move|p2a: Clodsire|Gunk Shot|p1a: Dondozo
|-damage|p1a: Dondozo|316/362 slp
|
|upkeep
|turn|61
|
|t:|1706272364
|cant|p1a: Dondozo|slp
|-activate|p2a: Clodsire|move: Struggle
|move|p2a: Clodsire|Struggle|p1a: Dondozo
|-damage|p1a: Dondozo|309/362 slp
|-damage|p2a: Clodsire|257/343|[from] recoil
|
|-heal|p2a: Clodsire|278/343|[from] item: Leftovers
|upkeep
|turn|62
|
|t:|1706272378
|-curestatus|p1a: Dondozo|slp|[msg]
|move|p1a: Dondozo|Wave Crash|p2a: Clodsire
|-heal|p2a: Clodsire|343/343|[from] ability: Water Absorb|[of] p1a: Dondozo
|-activate|p2a: Clodsire|move: Struggle
|move|p2a: Clodsire|Struggle|p1a: Dondozo
|-damage|p1a: Dondozo|303/362
|-damage|p2a: Clodsire|257/343|[from] recoil
|
|-heal|p2a: Clodsire|278/343|[from] item: Leftovers
|upkeep
|turn|63
|
|t:|1706272390
|move|p1a: Dondozo|Wave Crash|p2a: Clodsire
|-heal|p2a: Clodsire|343/343|[from] ability: Water Absorb|[of] p1a: Dondozo
|-activate|p2a: Clodsire|move: Struggle
|move|p2a: Clodsire|Struggle|p1a: Dondozo
|-damage|p1a: Dondozo|295/362
|-damage|p2a: Clodsire|257/343|[from] recoil
|
|-heal|p2a: Clodsire|278/343|[from] item: Leftovers
|upkeep
|turn|64
|
|t:|1706272408
|move|p1a: Dondozo|Sleep Talk||[still]
|-fail|p1a: Dondozo
|-activate|p2a: Clodsire|move: Struggle
|move|p2a: Clodsire|Struggle|p1a: Dondozo
|-damage|p1a: Dondozo|289/362
|-damage|p2a: Clodsire|192/343|[from] recoil
|
|-heal|p2a: Clodsire|213/343|[from] item: Leftovers
|upkeep
|turn|65
|
|t:|1706272422
|switch|p2a: Regirock|Regirock, L86|278/278
|move|p1a: Dondozo|Wave Crash|p2a: Regirock
|-supereffective|p2a: Regirock
|-ability|p2a: Regirock|Sturdy
|-damage|p2a: Regirock|1/278
|-damage|p1a: Dondozo|198/362|[from] Recoil
|
|upkeep
|turn|66
|
|t:|1706272433
|switch|p2a: Clodsire|Clodsire, L81, F|213/343
|move|p1a: Dondozo|Rest|p1a: Dondozo
|-status|p1a: Dondozo|slp|[from] move: Rest
|-heal|p1a: Dondozo|362/362 slp|[silent]
|
|-heal|p2a: Clodsire|234/343|[from] item: Leftovers
|upkeep
|turn|67
|
|t:|1706272441
|switch|p2a: Passimian|Passimian, L83, F|209/302
|cant|p1a: Dondozo|slp
|
|-heal|p2a: Passimian|227/302|[from] item: Leftovers
|upkeep
|turn|68
|
|t:|1706272448
|switch|p2a: Clodsire|Clodsire, L81, F|234/343
|cant|p1a: Dondozo|slp
|move|p1a: Dondozo|Sleep Talk|p1a: Dondozo
|move|p1a: Dondozo|Wave Crash|p2a: Clodsire|[from]move: Sleep Talk
|-heal|p2a: Clodsire|319/343|[from] ability: Water Absorb|[of] p1a: Dondozo
|
|-heal|p2a: Clodsire|340/343|[from] item: Leftovers
|upkeep
|turn|69
|
|t:|1706272458
|switch|p2a: Regirock|Regirock, L86|1/278
|-curestatus|p1a: Dondozo|slp|[msg]
|move|p1a: Dondozo|Sleep Talk||[still]
|-fail|p1a: Dondozo
|
|upkeep
|turn|70
|
|t:|1706272466
|move|p2a: Regirock|Rest|p2a: Regirock
|-status|p2a: Regirock|slp|[from] move: Rest
|-heal|p2a: Regirock|278/278 slp|[silent]
|-enditem|p2a: Regirock|Chesto Berry|[eat]
|-curestatus|p2a: Regirock|slp|[msg]
|move|p1a: Dondozo|Sleep Talk||[still]
|-fail|p1a: Dondozo
|
|upkeep
|turn|71
|
|t:|1706272479
|switch|p2a: Clodsire|Clodsire, L81, F|340/343
|move|p1a: Dondozo|Wave Crash|p2a: Clodsire
|-heal|p2a: Clodsire|343/343|[from] ability: Water Absorb|[of] p1a: Dondozo
|
|upkeep
|turn|72
|
|t:|1706272491
|switch|p2a: Passimian|Passimian, L83, F|227/302
|switch|p1a: Duraludon|Duraludon, L82, F|165/249
|
|-heal|p2a: Passimian|245/302|[from] item: Leftovers
|upkeep
|turn|73
|
|t:|1706272504
|-terastallize|p1a: Duraludon|Fighting
|move|p1a: Duraludon|Iron Defense|p1a: Duraludon
|-boost|p1a: Duraludon|def|2
|move|p2a: Passimian|Drain Punch|p1a: Duraludon
|-damage|p1a: Duraludon|137/249
|-heal|p2a: Passimian|259/302|[from] drain|[of] p1a: Duraludon
|
|-heal|p2a: Passimian|277/302|[from] item: Leftovers
|upkeep
|turn|74
|
|t:|1706272516
|move|p1a: Duraludon|Body Press|p2a: Passimian
|-damage|p2a: Passimian|84/302
|move|p2a: Passimian|Gunk Shot|p1a: Duraludon|[miss]
|-miss|p2a: Passimian|p1a: Duraludon
|
|-heal|p2a: Passimian|102/302|[from] item: Leftovers
|upkeep
|turn|75
|
|t:|1706272524
|move|p1a: Duraludon|Body Press|p2a: Passimian
|-damage|p2a: Passimian|0 fnt
|faint|p2a: Passimian
|
|upkeep
|
|t:|1706272528
|switch|p2a: Delibird|Delibird, M|252/252
|turn|76
|
|t:|1706272541
|move|p2a: Delibird|Brave Bird|p1a: Duraludon
|-supereffective|p1a: Duraludon
|-damage|p1a: Duraludon|35/249
|-damage|p2a: Delibird|218/252|[from] Recoil
|move|p1a: Duraludon|Body Press|p2a: Delibird
|-damage|p2a: Delibird|0 fnt
|faint|p2a: Delibird
|
|upkeep
|inactive|TupacReincarnated has 120 seconds left.
|
|t:|1706272592
|switch|p2a: Clodsire|Clodsire, L81, F|343/343
|turn|77
|
|t:|1706272612
|move|p1a: Duraludon|Iron Defense|p1a: Duraludon
|-boost|p1a: Duraludon|def|2
|-activate|p2a: Clodsire|move: Struggle
|move|p2a: Clodsire|Struggle|p1a: Duraludon
|-damage|p1a: Duraludon|29/249
|-damage|p2a: Clodsire|257/343|[from] recoil
|
|-heal|p2a: Clodsire|278/343|[from] item: Leftovers
|upkeep
|turn|78
|
|t:|1706272619
|move|p1a: Duraludon|Iron Defense|p1a: Duraludon
|-boost|p1a: Duraludon|def|2
|-activate|p2a: Clodsire|move: Struggle
|move|p2a: Clodsire|Struggle|p1a: Duraludon
|-damage|p1a: Duraludon|24/249
|-damage|p2a: Clodsire|192/343|[from] recoil
|
|-heal|p2a: Clodsire|213/343|[from] item: Leftovers
|upkeep
|turn|79
|inactive|TupacReincarnated has 120 seconds left.
|
|t:|1706272626
|move|p1a: Duraludon|Body Press|p2a: Clodsire
|-resisted|p2a: Clodsire
|-damage|p2a: Clodsire|0 fnt
|faint|p2a: Clodsire
|
|upkeep
|inactive|TupacReincarnated has 120 seconds left.
|
|t:|1706272635
|switch|p2a: Regirock|Regirock, L86|278/278
|turn|80
|
|t:|1706272641
|move|p1a: Duraludon|Body Press|p2a: Regirock
|-supereffective|p2a: Regirock
|-ability|p2a: Regirock|Sturdy
|-damage|p2a: Regirock|1/278
|move|p2a: Regirock|Body Press|p1a: Duraludon
|-damage|p1a: Duraludon|9/249
|
|upkeep
|turn|81
|
|t:|1706272648
|move|p1a: Duraludon|Body Press|p2a: Regirock
|-supereffective|p2a: Regirock
|-damage|p2a: Regirock|0 fnt
|faint|p2a: Regirock
|
|upkeep
|
|t:|1706272653
|switch|p2a: Dewgong|Dewgong, L91, F|256/311
|turn|82
|
|t:|1706272656
|move|p1a: Duraludon|Body Press|p2a: Dewgong
|-supereffective|p2a: Dewgong
|-damage|p2a: Dewgong|0 fnt
|faint|p2a: Dewgong
|
|win|IamTheMighty
|raw|IamTheMighty's rating: 1461 &rarr; <strong>1476</strong><br />(+15 for winning)
|raw|TupacReincarnated's rating: 1381 &rarr; <strong>1366</strong><br />(-15 for losing)
