|j|☆Saaramp4
|j|☆ADG2206
|t:|1706271620
|gametype|singles
|player|p1|Saaramp4|roxie|1070
|player|p2|ADG2206|2|1152
|teamsize|p1|6
|teamsize|p2|6
|gen|9
|tier|[Gen 9] Random Battle
|rated|
|rule|Species Clause: Limit one of each Pokémon
|rule|HP Percentage Mod: HP is shown in percentages
|rule|Sleep Clause Mod: Limit one foe put to sleep
|rule|Illusion Level Mod: Illusion disguises the Pokémon's true level
|
|t:|1706271620
|start
|switch|p1a: Slowking|Slowking-Galar, L85, F|300/300
|switch|p2a: Hydreigon|Hydreigon, L79, F|275/275
|turn|1
|
|t:|1706271648
|switch|p2a: Vileplume|Vileplume, L87, M|272/272
|switch|p1a: Tinkaton|Tinkaton, L82, F|274/274
|
|upkeep
|turn|2
|
|t:|1706271671
|switch|p1a: Glaceon|Glaceon, L94, F|275/275
|move|p2a: Vileplume|Leech Seed|p1a: Glaceon
|-start|p1a: Glaceon|move: Leech Seed
|
|-damage|p1a: Glaceon|241/275|[from] Leech Seed|[of] p2a: Vileplume
|upkeep
|turn|3
|
|t:|1706271689
|move|p1a: Glaceon|Freeze-Dry|p2a: Vileplume
|-supereffective|p2a: Vileplume
|-damage|p2a: Vileplume|68/272
|move|p2a: Vileplume|Strength Sap|p1a: Glaceon
|-unboost|p1a: Glaceon|atk|1
|-heal|p2a: Vileplume|185/272
|
|-heal|p2a: Vileplume|202/272|[from] item: Leftovers
|-damage|p1a: Glaceon|207/275|[from] Leech Seed|[of] p2a: Vileplume
|-heal|p2a: Vileplume|236/272|[silent]
|upkeep
|turn|4
|
|t:|1706271716
|move|p1a: Glaceon|Freeze-Dry|p2a: Vileplume
|-supereffective|p2a: Vileplume
|-damage|p2a: Vileplume|6/272
|move|p2a: Vileplume|Giga Drain|p1a: Glaceon
|-damage|p1a: Glaceon|129/275
|-heal|p2a: Vileplume|45/272|[from] drain|[of] p1a: Glaceon
|
|-heal|p2a: Vileplume|62/272|[from] item: Leftovers
|-damage|p1a: Glaceon|95/275|[from] Leech Seed|[of] p2a: Vileplume
|-heal|p2a: Vileplume|96/272|[silent]
|upkeep
|turn|5
|
|t:|1706271733
|move|p1a: Glaceon|Freeze-Dry|p2a: Vileplume
|-supereffective|p2a: Vileplume
|-damage|p2a: Vileplume|0 fnt
|faint|p2a: Vileplume
|
|upkeep
|
|t:|1706271738
|switch|p2a: Umbreon|Umbreon, L84, F|297/297
|turn|6
|
|t:|1706271747
|move|p1a: Glaceon|Protect|p1a: Glaceon
|-singleturn|p1a: Glaceon|Protect
|move|p2a: Umbreon|Foul Play|p1a: Glaceon
|-activate|p1a: Glaceon|move: Protect
|
|-damage|p1a: Glaceon|61/275|[from] Leech Seed|[of] p2a: Umbreon
|upkeep
|turn|7
|
|t:|1706271773
|move|p1a: Glaceon|Calm Mind|p1a: Glaceon
|-boost|p1a: Glaceon|spa|1
|-boost|p1a: Glaceon|spd|1
|move|p2a: Umbreon|Foul Play|p1a: Glaceon
|-damage|p1a: Glaceon|31/275
|
|-damage|p1a: Glaceon|0 fnt|[from] Leech Seed|[of] p2a: Umbreon
|faint|p1a: Glaceon
|upkeep
|
|t:|1706271784
|switch|p1a: Slowking|Slowking-Galar, L85, F|300/300
|turn|8
|
|t:|1706271814
|move|p2a: Umbreon|Protect|p2a: Umbreon
|-singleturn|p2a: Umbreon|Protect
|move|p1a: Slowking|Psychic Noise|p2a: Umbreon
|-activate|p2a: Umbreon|move: Protect
|
|upkeep
|turn|9
|
|t:|1706271832
|switch|p2a: Cetitan|Cetitan, L82, F|413/413
|switch|p1a: Tinkaton|Tinkaton, L82, F|274/274
|
|upkeep
|turn|10
|
|t:|1706271852
|move|p1a: Tinkaton|Gigaton Hammer|p2a: Cetitan
|-supereffective|p2a: Cetitan
|-damage|p2a: Cetitan|87/413
|move|p2a: Cetitan|Icicle Crash|p1a: Tinkaton
|-resisted|p1a: Tinkaton
|-damage|p1a: Tinkaton|178/274
|
|-heal|p1a: Tinkaton|195/274|[from] item: Leftovers
|upkeep
|turn|11
|
|t:|1706271871
|switch|p2a: Ho-Oh|Ho-Oh, L72|272/272
|move|p1a: Tinkaton|Thunder Wave|p2a: Ho-Oh
|-status|p2a: Ho-Oh|par
|
|-heal|p1a: Tinkaton|212/274|[from] item: Leftovers
|upkeep
|turn|12
|
|t:|1706271882
|switch|p1a: Crawdaunt|Crawdaunt, L84, M|243/243
|move|p2a: Ho-Oh|Sacred Fire|p1a: Crawdaunt
|-resisted|p1a: Crawdaunt
|-damage|p1a: Crawdaunt|195/243
|-status|p1a: Crawdaunt|brn
|
|-damage|p1a: Crawdaunt|180/243 brn|[from] brn
|upkeep
|turn|13
|
|t:|1706271902
|switch|p2a: Umbreon|Umbreon, L84, F|297/297
|move|p1a: Crawdaunt|Crabhammer|p2a: Umbreon
|-damage|p2a: Umbreon|197/297
|-damage|p1a: Crawdaunt|156/243 brn|[from] item: Life Orb
|
|-heal|p2a: Umbreon|215/297|[from] item: Leftovers
|-damage|p1a: Crawdaunt|141/243 brn|[from] brn
|upkeep
|turn|14
|
|t:|1706271914
|move|p2a: Umbreon|Wish|p2a: Umbreon
|move|p1a: Crawdaunt|Knock Off|p2a: Umbreon
|-resisted|p2a: Umbreon
|-damage|p2a: Umbreon|173/297
|-enditem|p2a: Umbreon|Leftovers|[from] move: Knock Off|[of] p1a: Crawdaunt
|-damage|p1a: Crawdaunt|117/243 brn|[from] item: Life Orb
|
|-damage|p1a: Crawdaunt|102/243 brn|[from] brn
|upkeep
|turn|15
|
|t:|1706271934
|switch|p1a: Tinkaton|Tinkaton, L82, F|212/274
|move|p2a: Umbreon|Protect||[still]
|-fail|p2a: Umbreon
|
|-heal|p2a: Umbreon|297/297|[from] move: Wish|[wisher] Umbreon
|-heal|p1a: Tinkaton|229/274|[from] item: Leftovers
|upkeep
|turn|16
|
|t:|1706271966
|move|p1a: Tinkaton|Play Rough|p2a: Umbreon
|-supereffective|p2a: Umbreon
|-damage|p2a: Umbreon|175/297
|move|p2a: Umbreon|Foul Play|p1a: Tinkaton
|-resisted|p1a: Tinkaton
|-damage|p1a: Tinkaton|184/274
|
|-heal|p1a: Tinkaton|201/274|[from] item: Leftovers
|upkeep
|turn|17
|
|t:|1706271976
|switch|p2a: Ho-Oh|Ho-Oh, L72|272/272 par
|move|p1a: Tinkaton|Gigaton Hammer|p2a: Ho-Oh
|-resisted|p2a: Ho-Oh
|-damage|p2a: Ho-Oh|198/272 par
|
|-heal|p1a: Tinkaton|218/274|[from] item: Leftovers
|upkeep
|turn|18
|
|t:|1706271987
|switch|p1a: Crawdaunt|Crawdaunt, L84, M|102/243 brn
|move|p2a: Ho-Oh|Sacred Fire|p1a: Crawdaunt
|-resisted|p1a: Crawdaunt
|-damage|p1a: Crawdaunt|51/243 brn
|
|-damage|p1a: Crawdaunt|36/243 brn|[from] brn
|upkeep
|turn|19
|
|t:|1706272001
|move|p1a: Crawdaunt|Crabhammer|p2a: Ho-Oh
|-supereffective|p2a: Ho-Oh
|-crit|p2a: Ho-Oh
|-damage|p2a: Ho-Oh|0 fnt
|faint|p2a: Ho-Oh
|-damage|p1a: Crawdaunt|12/243 brn|[from] item: Life Orb
|
|-damage|p1a: Crawdaunt|0 fnt|[from] brn
|faint|p1a: Crawdaunt
|upkeep
|
|t:|1706272013
|switch|p2a: Umbreon|Umbreon, L84, F|175/297
|switch|p1a: Krookodile|Krookodile, L80, M|283/283
|-ability|p1a: Krookodile|Intimidate|boost
|-unboost|p2a: Umbreon|atk|1
|turn|20
|
|t:|1706272021
|move|p1a: Krookodile|Earthquake|p2a: Umbreon
|-damage|p2a: Umbreon|49/297
|-damage|p1a: Krookodile|255/283|[from] item: Life Orb
|move|p2a: Umbreon|Wish|p2a: Umbreon
|
|upkeep
|turn|21
|
|t:|1706272031
|move|p2a: Umbreon|Protect|p2a: Umbreon
|-singleturn|p2a: Umbreon|Protect
|move|p1a: Krookodile|Earthquake|p2a: Umbreon
|-activate|p2a: Umbreon|move: Protect
|
|-heal|p2a: Umbreon|197/297|[from] move: Wish|[wisher] Umbreon
|upkeep
|turn|22
|
|t:|1706272039
|move|p1a: Krookodile|Earthquake|p2a: Umbreon
|-damage|p2a: Umbreon|61/297
|-damage|p1a: Krookodile|227/283|[from] item: Life Orb
|move|p2a: Umbreon|Wish|p2a: Umbreon
|
|upkeep
|turn|23
|
|t:|1706272046
|move|p2a: Umbreon|Protect|p2a: Umbreon
|-singleturn|p2a: Umbreon|Protect
|move|p1a: Krookodile|Earthquake|p2a: Umbreon
|-activate|p2a: Umbreon|move: Protect
|
|-heal|p2a: Umbreon|209/297|[from] move: Wish|[wisher] Umbreon
|upkeep
|turn|24
|
|t:|1706272058
|move|p1a: Krookodile|Knock Off|p2a: Umbreon
|-resisted|p2a: Umbreon
|-damage|p2a: Umbreon|169/297
|-damage|p1a: Krookodile|199/283|[from] item: Life Orb
|move|p2a: Umbreon|Wish|p2a: Umbreon
|
|upkeep
|turn|25
|
|t:|1706272065
|move|p1a: Krookodile|Bulk Up|p1a: Krookodile
|-boost|p1a: Krookodile|atk|1
|-boost|p1a: Krookodile|def|1
|move|p2a: Umbreon|Toxic|p1a: Krookodile
|-status|p1a: Krookodile|tox
|
|-heal|p2a: Umbreon|297/297|[from] move: Wish|[wisher] Umbreon
|-damage|p1a: Krookodile|182/283 tox|[from] psn
|upkeep
|turn|26
|
|t:|1706272076
|move|p1a: Krookodile|Gunk Shot|p2a: Umbreon
|-damage|p2a: Umbreon|153/297
|-damage|p1a: Krookodile|154/283 tox|[from] item: Life Orb
|move|p2a: Umbreon|Wish|p2a: Umbreon
|
|-damage|p1a: Krookodile|120/283 tox|[from] psn
|upkeep
|turn|27
|
|t:|1706272086
|move|p2a: Umbreon|Protect|p2a: Umbreon
|-singleturn|p2a: Umbreon|Protect
|move|p1a: Krookodile|Earthquake|p2a: Umbreon
|-activate|p2a: Umbreon|move: Protect
|
|-heal|p2a: Umbreon|297/297|[from] move: Wish|[wisher] Umbreon
|-damage|p1a: Krookodile|69/283 tox|[from] psn
|upkeep
|turn|28
|
|t:|1706272101
|move|p1a: Krookodile|Earthquake|p2a: Umbreon
|-damage|p2a: Umbreon|112/297
|-damage|p1a: Krookodile|41/283 tox|[from] item: Life Orb
|move|p2a: Umbreon|Wish|p2a: Umbreon
|
|-damage|p1a: Krookodile|0 fnt|[from] psn
|faint|p1a: Krookodile
|upkeep
|
|t:|1706272116
|switch|p1a: Slowking|Slowking-Galar, L85, F|300/300
|turn|29
|
|t:|1706272127
|move|p2a: Umbreon|Toxic|p1a: Slowking
|-immune|p1a: Slowking
|move|p1a: Slowking|Fire Blast|p2a: Umbreon
|-damage|p2a: Umbreon|51/297
|-status|p2a: Umbreon|brn
|-activate|p2a: Umbreon|ability: Synchronize
|-status|p1a: Slowking|brn
|
|-heal|p2a: Umbreon|199/297 brn|[from] move: Wish|[wisher] Umbreon
|-damage|p2a: Umbreon|181/297 brn|[from] brn
|-damage|p1a: Slowking|282/300 brn|[from] brn
|upkeep
|turn|30
|
|t:|1706272141
|move|p2a: Umbreon|Wish|p2a: Umbreon
|move|p1a: Slowking|Sludge Bomb|p2a: Umbreon
|-damage|p2a: Umbreon|106/297 brn
|
|-damage|p2a: Umbreon|88/297 brn|[from] brn
|-damage|p1a: Slowking|264/300 brn|[from] brn
|upkeep
|turn|31
|
|t:|1706272151
|move|p2a: Umbreon|Protect|p2a: Umbreon
|-singleturn|p2a: Umbreon|Protect
|move|p1a: Slowking|Future Sight|p2a: Umbreon
|-start|p1a: Slowking|move: Future Sight
|
|-heal|p2a: Umbreon|236/297 brn|[from] move: Wish|[wisher] Umbreon
|-damage|p2a: Umbreon|218/297 brn|[from] brn
|-damage|p1a: Slowking|246/300 brn|[from] brn
|upkeep
|turn|32
|
|t:|1706272183
|switch|p1a: Tinkaton|Tinkaton, L82, F|218/274
|move|p2a: Umbreon|Wish|p2a: Umbreon
|
|-heal|p1a: Tinkaton|235/274|[from] item: Leftovers
|-damage|p2a: Umbreon|200/297 brn|[from] brn
|upkeep
|turn|33
|
|t:|1706272191
|move|p1a: Tinkaton|Play Rough|p2a: Umbreon
|-supereffective|p2a: Umbreon
|-damage|p2a: Umbreon|72/297 brn
|move|p2a: Umbreon|Toxic|p1a: Tinkaton
|-immune|p1a: Tinkaton
|
|-end|p2a: Umbreon|move: Future Sight
|-immune|p2a: Umbreon
|-heal|p2a: Umbreon|220/297 brn|[from] move: Wish|[wisher] Umbreon
|-heal|p1a: Tinkaton|252/274|[from] item: Leftovers
|-damage|p2a: Umbreon|202/297 brn|[from] brn
|upkeep
|turn|34
|
|t:|1706272204
|move|p1a: Tinkaton|Play Rough|p2a: Umbreon
|-supereffective|p2a: Umbreon
|-crit|p2a: Umbreon
|-damage|p2a: Umbreon|26/297 brn
|-unboost|p2a: Umbreon|atk|1
|move|p2a: Umbreon|Wish|p2a: Umbreon
|
|-heal|p1a: Tinkaton|269/274|[from] item: Leftovers
|-damage|p2a: Umbreon|8/297 brn|[from] brn
|upkeep
|turn|35
|
|t:|1706272224
|move|p2a: Umbreon|Protect|p2a: Umbreon
|-singleturn|p2a: Umbreon|Protect
|move|p1a: Tinkaton|Play Rough|p2a: Umbreon
|-activate|p2a: Umbreon|move: Protect
|
|-heal|p2a: Umbreon|156/297 brn|[from] move: Wish|[wisher] Umbreon
|-heal|p1a: Tinkaton|274/274|[from] item: Leftovers
|-damage|p2a: Umbreon|138/297 brn|[from] brn
|upkeep
|turn|36
|
|t:|1706272245
|switch|p2a: Clodsire|Clodsire, L81, M|343/343
|move|p1a: Tinkaton|Play Rough|p2a: Clodsire
|-resisted|p2a: Clodsire
|-damage|p2a: Clodsire|292/343
|
|-heal|p2a: Clodsire|313/343|[from] item: Leftovers
|upkeep
|turn|37
|
|t:|1706272283
|switch|p1a: Slowking|Slowking-Galar, L85, F|300/300 brn
|move|p2a: Clodsire|Earthquake|p1a: Slowking
|-supereffective|p1a: Slowking
|-crit|p1a: Slowking
|-damage|p1a: Slowking|36/300 brn
|
|-heal|p2a: Clodsire|334/343|[from] item: Leftovers
|-damage|p1a: Slowking|18/300 brn|[from] brn
|upkeep
|turn|38
|
|t:|1706272297
|move|p1a: Slowking|Psychic Noise|p2a: Clodsire
|-supereffective|p2a: Clodsire
|-damage|p2a: Clodsire|172/343
|-start|p2a: Clodsire|move: Heal Block
|cant|p2a: Clodsire|move: Heal Block|Recover
|
|-damage|p1a: Slowking|0 fnt|[from] brn
|faint|p1a: Slowking
|upkeep
|
|t:|1706272306
|switch|p1a: Munkidori|Munkidori, L79, M|269/269
|turn|39
|
|t:|1706272316
|switch|p2a: Hydreigon|Hydreigon, L79, F|275/275
|move|p1a: Munkidori|Psyshock|p2a: Hydreigon
|-immune|p2a: Hydreigon
|
|upkeep
|turn|40
|
|t:|1706272332
|move|p1a: Munkidori|Focus Blast|p2a: Hydreigon
|-supereffective|p2a: Hydreigon
|-damage|p2a: Hydreigon|41/275
|-damage|p1a: Munkidori|243/269|[from] item: Life Orb
|move|p2a: Hydreigon|Fire Blast|p1a: Munkidori|[miss]
|-miss|p2a: Hydreigon|p1a: Munkidori
|
|upkeep
|turn|41
|
|t:|1706272361
|switch|p2a: Cetitan|Cetitan, L82, F|87/413
|move|p1a: Munkidori|Focus Blast|p2a: Cetitan
|-supereffective|p2a: Cetitan
|-damage|p2a: Cetitan|0 fnt
|faint|p2a: Cetitan
|-damage|p1a: Munkidori|217/269|[from] item: Life Orb
|
|upkeep
|
|t:|1706272370
|switch|p2a: Clodsire|Clodsire, L81, M|172/343
|turn|42
|
|t:|1706272380
|move|p1a: Munkidori|Psyshock|p2a: Clodsire
|-supereffective|p2a: Clodsire
|-damage|p2a: Clodsire|0 fnt
|faint|p2a: Clodsire
|-damage|p1a: Munkidori|191/269|[from] item: Life Orb
|
|upkeep
|
|t:|1706272387
|switch|p2a: Umbreon|Umbreon, L84, F|138/297 brn
|turn|43
|
|t:|1706272393
|move|p1a: Munkidori|Focus Blast|p2a: Umbreon
|-supereffective|p2a: Umbreon
|-damage|p2a: Umbreon|0 fnt
|faint|p2a: Umbreon
|-damage|p1a: Munkidori|165/269|[from] item: Life Orb
|
|upkeep
|
|t:|1706272400
|switch|p2a: Hydreigon|Hydreigon, L79, F|41/275
|turn|44
|
|t:|1706272406
|-terastallize|p2a: Hydreigon|Dragon
|move|p1a: Munkidori|Focus Blast|p2a: Hydreigon
|-damage|p2a: Hydreigon|0 fnt
|faint|p2a: Hydreigon
|-damage|p1a: Munkidori|139/269|[from] item: Life Orb
|
|win|Saaramp4
|raw|Saaramp4's rating: 1070 &rarr; <strong>1106</strong><br />(+36 for winning)
|raw|ADG2206's rating: 1152 &rarr; <strong>1121</strong><br />(-31 for losing)
|l|☆ADG2206
|player|p2|
